<?xml version="1.0" encoding="UTF-8"?><collection xmlns="http://www.loc.gov/MARC21/slim"><record><leader>00327nam--2200109-i-4500</leader><controlfield tag="001">000006137</controlfield><controlfield tag="002">20161230</controlfield><controlfield tag="005">20161230201026</controlfield><controlfield tag="008">060222s1000------------r-----000-0-eng-d</controlfield><datafield ind1=" " ind2=" " tag="245"><subfield code="a">Advanced course on the dynamic behaviour of boiling water reactors. vol.ii</subfield></datafield><datafield ind1=" " ind2=" " tag="260"><subfield code="a">Kjeller, Institutt For Atomenergi, 1962. Pag.Dif</subfield></datafield><datafield ind1=" " ind2=" " tag="852"><subfield code="a">14172</subfield></datafield></record></collection>